<?xml version="1.0" encoding="UTF-8"?><collection xmlns="http://www.loc.gov/MARC21/slim"><record><leader>00625nam--2200217-u-4500</leader><controlfield tag="001">000050391</controlfield><controlfield tag="002">20161230</controlfield><controlfield tag="003">81802</controlfield><controlfield tag="005">20161230201048</controlfield><controlfield tag="008">070223s1000------------r-----000-0-rum-d</controlfield><datafield ind1=" " ind2=" " tag="040"><subfield code="a">IFIN-HH</subfield></datafield><datafield ind1=" " ind2=" " tag="041"><subfield code="a">rum</subfield></datafield><datafield ind1=" " ind2=" " tag="080"><subfield code="a">537.311.37(043.2)</subfield></datafield><datafield ind1="1" ind2=" " tag="100"><subfield code="a">Tomescu, Adelina</subfield></datafield><datafield ind1="1" ind2="0" tag="245"><subfield code="a">Investigatii fenomenologice complexe ale semiconductorilor oxidici gaz-sensibili</subfield><subfield code="b">Teza</subfield><subfield code="c">Adelina Tomescu</subfield></datafield><datafield ind1=" " ind2=" " tag="260"><subfield code="a">Bucuresti</subfield><subfield code="b">Ifa</subfield><subfield code="c">2006</subfield></datafield><datafield ind1=" " ind2=" " tag="300"><subfield code="a">153p</subfield></datafield><datafield ind1=" " ind2=" " tag="502"><subfield code="a">Conducator Stiintific: Prof.Dr. Valentin S. Teodorescu</subfield></datafield><datafield ind1=" " ind2="4" tag="650"><subfield code="a">000000085</subfield></datafield><datafield ind1=" " ind2=" " tag="852"><subfield code="a">81802</subfield><subfield code="c">537.311.33</subfield></datafield><datafield ind1=" " ind2=" " tag="CAT"><subfield code="a">Sys</subfield><subfield code="c">20110803</subfield><subfield code="h">105403</subfield></datafield></record></collection>